@misc{ruby_code,
    title     = "Ruby Code in GitHub, commit 7577515: Introduce table improvement by Vladimir Makarov $<$vmakarov@redhat.com$>$",
    howpublished = "\url{https://github.com/ruby/ruby/commit/7577515}"
}

@misc{ruby_feature12142,
    title     = "Ruby Issue Tracking System - Feature \#12142 Hash tables with open addressing",
    howpublished = "\\\url{https://bugs.ruby-lang.org/issues/12142}"
    year = {2016}
    issue_date = {2016}
}

@misc{object-hash,
    title     = "Object Ruby 2.7.0 Class, hash method",
    howpublished = "\\\url{https://ruby-doc.org/core-2.7.0/Object.html#method-i-hash}"
}

@misc{gcc128,
    title     = "GCC, 128-bit Integers",
    howpublished = "\\\url{https://gcc.gnu.org/onlinedocs/gcc/_005f_005fint128.html}"
}

@article{10.1145/3068772,
author = {Thorup, Mikkel},
title = {Fast and Powerful Hashing Using Tabulation},
year = {2017},
issue_date = {June 2017},
publisher = {Association for Computing Machinery},
address = {New York, NY, USA},
volume = {60},
number = {7},
issn = {0001-0782},
url = {https://doi.org/10.1145/3068772},
doi = {10.1145/3068772},
journal = {Commun. ACM},
month = jun,
pages = {94-101},
numpages = {8}
}

